% Encoding: windows-1252

@InProceedings{darmstadt,
author = {Plotz, Tobias and Roth, Stefan},
title = {Benchmarking Denoising Algorithms With Real Photographs},
booktitle = {The IEEE Conference on Computer Vision and Pattern Recognition (CVPR)},
month = {July},
year = {2017}
} 

@article{bm3d,
  author = {Kostadin Dabov and
           Alessandro Foi and
           Vladimir Katkovnik and
           Karen Egiazarian},
  title = {Image denoising with block-matching and 3D filtering},
   year = {2006},
  month = {02},
  pages = {354-365},
  volume = {6064},
  journal = {Proceedings of SPIE - The International Society for Optical Engineering},
  doi = {10.1117/12.643267}
}

@InProceedings{learningtoseeinthedark,
author = {Chen, Chen and Chen, Qifeng and Xu, Jia and Koltun, Vladlen},
title = {Learning to See in the Dark},
booktitle = {The IEEE Conference on Computer Vision and Pattern Recognition (CVPR)},
month = {June},
year = {2018}
} 

@InProceedings{sidd,
author = {Abdelhamed, Abdelrahman and Lin, Stephen and Brown, Michael S.},
title = {A High-Quality Denoising Dataset for Smartphone Cameras},
booktitle = {The IEEE Conference on Computer Vision and Pattern Recognition (CVPR)},
month = {June},
year = {2018}
}


@article{dncnn,
  title={Beyond a {Gaussian} denoiser: Residual learning of deep {CNN} for image denoising},
  author={Zhang, Kai and Zuo, Wangmeng and Chen, Yunjin and Meng, Deyu and Zhang, Lei},
  journal={IEEE Transactions on Image Processing},
  year={2017},
  volume={26}, 
  number={7}, 
  pages={3142-3155}, 
}

@InProceedings{rednet,
   author    = "Xiao{-}Jiao Mao and Chunhua Shen and Yu{-}Bin Yang",
   title     = "Image Restoration Using Very Deep Convolutional Encoder-Decoder Networks with Symmetric Skip Connections",
   booktitle = "Proc. Advances in Neural Inf. Process. Syst.",
   year      = "2016",
 }

@InProceedings{unet,
  author       = "O. Ronneberger and P.Fischer and T. Brox",
  title        = "U-Net: Convolutional Networks for Biomedical Image Segmentation",
  booktitle    = "Medical Image Computing and Computer-Assisted Intervention (MICCAI)",
  series       = "LNCS",
  volume       = "9351",
  pages        = "234--241",
  year         = "2015",
  publisher    = "Springer",
  note         = "(available on arXiv:1505.04597 [cs.CV])",
  url          = "http://lmb.informatik.uni-freiburg.de/Publications/2015/RFB15a"
}

@article{bm3d-gpu,
author = {Honzátko, David and Kruliš, Martin},
year = {2017},
month = {11},
pages = {1-15},
title = {Accelerating block-matching and 3D filtering method for image denoising on GPUs},
journal = {Journal of Real-Time Image Processing},
doi = {10.1007/s11554-017-0737-9}
}

@InProceedings{noise2noise,
  title = 	 {{N}oise2{N}oise: Learning Image Restoration without Clean Data},
  author = 	 {Lehtinen, Jaakko and Munkberg, Jacob and Hasselgren, Jon and Laine, Samuli and Karras, Tero and Aittala, Miika and Aila, Timo},
  booktitle = 	 {Proceedings of the 35th International Conference on Machine Learning},
  pages = 	 {2965--2974},
  year = 	 {2018},
  editor = 	 {Dy, Jennifer and Krause, Andreas},
  volume = 	 {80},
  series = 	 {Proceedings of Machine Learning Research},
  address = 	 {Stockholmsmässan, Stockholm Sweden},
  month = 	 {10--15 Jul},
  publisher = 	 {PMLR},
  pdf = 	 {http://proceedings.mlr.press/v80/lehtinen18a/lehtinen18a.pdf},
  url = 	 {http://proceedings.mlr.press/v80/lehtinen18a.html},
  abstract = 	 {We apply basic statistical reasoning to signal reconstruction by machine learning - learning to map corrupted observations to clean signals - with a simple and powerful conclusion: it is possible to learn to restore images by only looking at corrupted examples, at performance at and sometimes exceeding training using clean data, without explicit image priors or likelihood models of the corruption. In practice, we show that a single model learns photographic noise removal, denoising synthetic Monte Carlo images, and reconstruction of undersampled MRI scans - all corrupted by different processes - based on noisy data only.}
}


@article{renoir,
author = {Anaya, Josue and Barbu, Adrian},
year = {2014},
month = {09},
pages = {},
title = {RENOIR – A dataset for real low-light image noise reduction},
volume = {51},
journal = {Journal of Visual Communication and Image Representation},
doi = {10.1016/j.jvcir.2018.01.012}
}

@ARTICLE{ssim,
   author = {{Wang}, Z. and {Bovik}, A.~C. and {Sheikh}, H.~R. and {Simoncelli}, E.~P.
	},
    title = "{Image Quality Assessment: From Error Visibility to Structural Similarity}",
  journal = {IEEE Transactions on Image Processing},
     year = 2004,
    month = apr,
   volume = 13,
    pages = {600-612},
      doi = {10.1109/TIP.2003.819861},
   adsurl = {http://adsabs.harvard.edu/abs/2004ITIP...13..600W},
  adsnote = {Provided by the SAO/NASA Astrophysics Data System}
}

@misc{darktable,
  title = {{darktable}},
  howpublished = {\url{https://www.darktable.org/}},
}

@misc{hugin,
  title = {{Hugin - Panorama photo stitcher}},
  howpublished = {\url{http://hugin.sourceforge.net/}},
}

@misc{qic,
title={{Commons:Quality images candidates - Wikimedia Commons}},
howpublished={\url{https://commons.wikimedia.org/wiki/Commons:Quality_images_candidates}},
}

@inproceedings{pix2pix,
  author    = {Phillip Isola and
               Jun{-}Yan Zhu and
               Tinghui Zhou and
               Alexei A. Efros},
  title     = {Image-to-Image Translation with Conditional Adversarial Networks},
  booktitle = {2017 {IEEE} Conference on Computer Vision and Pattern Recognition,
               {CVPR} 2017, Honolulu, HI, USA, July 21-26, 2017},
  pages     = {5967--5976},
  year      = {2017},
  url       = {https://doi.org/10.1109/CVPR.2017.632},
  doi       = {10.1109/CVPR.2017.632},
  timestamp = {Thu, 16 Nov 2017 00:00:00 +0100},
  biburl    = {https://dblp.org/rec/bib/conf/cvpr/IsolaZZE17},
  bibsource = {dblp computer science bibliography, https://dblp.org}
}

@article{ctgan,
  added-at = {2018-07-10T00:00:00.000+0200},
  author = {Yang, Qingsong and Yan, Pingkun and Zhang, Yanbo and Yu, Hengyong and Shi, Yongyi and Mou, Xuanqin and Kalra, Mannudeep K. and Zhang, Yi and Sun, Ling and Wang, Ge},
  biburl = {https://www.bibsonomy.org/bibtex/2aa4c5a6ae64030d2fb920793608ee30b/dblp},
  ee = {https://doi.org/10.1109/TMI.2018.2827462},
  interhash = {6bc7e084125f39b96c4e3ad2ac7d8165},
  intrahash = {aa4c5a6ae64030d2fb920793608ee30b},
  journal = {IEEE Trans. Med. Imaging},
  keywords = {dblp},
  number = 6,
  pages = {1348-1357},
  timestamp = {2018-07-11T11:38:55.000+0200},
  title = {Low-Dose CT Image Denoising Using a Generative Adversarial Network With Wasserstein Distance and Perceptual Loss.},
  url = {http://dblp.uni-trier.de/db/journals/tmi/tmi37.html#YangYZYSMKZSW18},
  volume = 37,
  year = 2018
}



@inproceedings{cyclegan,
  title={Unpaired Image-to-Image Translation using Cycle-Consistent Adversarial Networkss},
  author={Zhu, Jun-Yan and Park, Taesung and Isola, Phillip and Efros, Alexei A},
  booktitle={Computer Vision (ICCV), 2017 IEEE International Conference on},
  year={2017}
}

@INPROCEEDINGS{agan,
author={N. {Divakar} and R. V. {Babu}},
booktitle={2017 IEEE Conference on Computer Vision and Pattern Recognition Workshops (CVPRW)},
title={Image Denoising via CNNs: An Adversarial Approach},
year={2017},
volume={},
number={},
pages={1076-1083},
keywords={convolution;feature extraction;feature selection;image denoising;image reconstruction;learning (artificial intelligence);neural nets;CNNs;image recovery;convolutional neural networks;feature detectors;blind image denoising;multiscale feature extraction layer;feature maps;feature selection;reconstruction task;three step training;Training;Feature extraction;Image reconstruction;Noise measurement;Image denoising;Generators;Noise reduction},
doi={10.1109/CVPRW.2017.145},
ISSN={2160-7516},
month={July},}

@InProceedings{generatenoiseGAN,
author = {Chen, Jingwen and Chen, Jiawei and Chao, Hongyang and Yang, Ming},
title = {Image Blind Denoising With Generative Adversarial Network Based Noise Modeling},
booktitle = {The IEEE Conference on Computer Vision and Pattern Recognition (CVPR)},
month = {June},
year = {2018}
} 

@InProceedings{contextualloss,
author = {Mechrez, Roey and Talmi, Itamar and Zelnik-Manor, Lihi},
title = {The Contextual Loss for Image Transformation with Non-Aligned Data},
booktitle = {The European Conference on Computer Vision (ECCV)},
month = {September},
year = {2018}
} 

@article{microscopynoise,
  author    = {Yide Zhang and
               Yinhao Zhu and
               Evan Nichols and
               Qingfei Wang and
               Siyuan Zhang and
               Cody Smith and
               Scott Howard},
  title     = {A Poisson-Gaussian Denoising Dataset with Real Fluorescence Microscopy
               Images},
  journal   = {CoRR},
  volume    = {abs/1812.10366},
  year      = {2018},
  url       = {http://arxiv.org/abs/1812.10366},
  archivePrefix = {arXiv},
  eprint    = {1812.10366},
  timestamp = {Wed, 02 Jan 2019 14:40:18 +0100},
  biburl    = {https://dblp.org/rec/bib/journals/corr/abs-1812-10366},
  bibsource = {dblp computer science bibliography, https://dblp.org}
}

@Book{bentley:1999,
  title     = {{P}rogramming {P}earls},
  publisher = {Ad\-dison--Wesley},
  year      = {1999},
  author    = {Jon Bentley},
  address   = {Boston, MA, USA},
  edition   = {2},
}

@BOOK{bringhurst:2002,
    title = {{T}he {E}lements of {T}ypographic {S}tyle},
    publisher = {Hartley \& Marks Publishers},
    year = {2013},
    author = {Robert Bringhurst},
    series = {Version 4.0: 20th Anniversary Edition},
    address = {Point Roberts, WA, USA}
}

@BOOK{cormen:2001,
    title = {{I}ntroduction to {A}lgorithms},
    publisher = {The MIT Press},
    year = {2009},
    author = {Cormen, Thomas H. and Leiserson, Charles E. and Rivest, Ronald L.
    and Clifford Stein},
    address = {Cambridge, MA, USA},
    edition = 3
}

@BOOK{dueck:trio,
    title = {{D}ueck's {T}rilogie 2.1: {O}mnisophie -- {S}upramanie -- {T}opothesie},
    publisher = {Springer},
	address = {Berlin, Germany},
    year = {2013},
    author = {Gunter Dueck}
}

@ARTICLE{knuth:1976,
    author = {Knuth, Donald E.},
    title = {{B}ig {O}micron and {B}ig {O}mega and {B}ig {T}heta},
    journal = {SIGACT News},
    year = {1976},
    volume = {8},
    pages = {18--24},
    number = {2},
    address = {New York, NY, USA},
    publisher = {ACM Press}
}

@ARTICLE{knuth:1974,
    author = {Knuth, Donald E.},
    title = {{C}omputer {P}rogramming as an {A}rt},
    journal = {Communications of the ACM},
    year = {1974},
    volume = {17},
    pages = {667--673},
    number = {12},
    address = {New York, NY, USA},
    publisher = {ACM Press}
}

@BOOK{sommerville:1992,
    title = {{S}oftware {E}ngineering},
    publisher = {Addison-Wesley},
    year = {2015},
    author = {Ian Sommerville},
    address = {Boston, MA, USA},
    edition = 10
}

@Book{taleb:2018,
  title     = {Skin in the Game: Hidden Asymmetries in Daily Life},
  publisher = {Random House},
  year      = {2018},
  author    = {Taleb, Nassim Nicholas},
  address   = {New York, NY, USA},
}

@Book{taleb:2010,
 title = {The Black Swan: The Impact of the Highly Improbable},
 publisher = {Random House},
 year = {2010},
 author = {Taleb, Nassim Nicholas},
 address = {New York, NY, USA}
 }
 

@BOOK{ferriss:2016,
title={Tools of Titans: The Tactics, Routines, and Habits of Billionaires, Icons, and World-Class Performers},
author={Timothy Ferriss},
publisher={Houghton Mifflin Harcourt},
year={2016},
address = {Boston, MA, USA},
}

@Book{adams:1996,
 author = {Adams, Scott},
 title = {The Dilbert Principle},
 publisher = {Harper Business},
 year = {1996},
 address = {New York, NY, USA}
 }

@Book{adams:2013,
 author = {Adams, Scott},
 title = {How to Fail at Almost Everything and Still Win Big: Kind of the Story of My Life},
 publisher = {Portfolio Penguin},
 year = {2013},
 address = {London, United Kingdom},
 }

@Book{aurelius:2002,
 author = {Aurelius, Marcus},
 title = {Meditations (A New Translation)},
 publisher = {Modern Library},
 year = {2002},
 address = {New York, NY, USA},
 }

@Book{cialdini:1984,
 author = {Cialdini, Robert B.},
 title = {Influence: The Psychology of Persuasion},
 publisher = {Harper Business},
 year = {1984},
 address = {New York, NY, USA}
 }

@Book{feynman:1985,
  title     = {{S}urely {Y}ou're {J}oking, {M}r. {F}eynman: {A}dventures of a {C}urious {C}haracter},
  publisher = {W. W. Norton},
  year      = {1985},
  author    = {Feynman, Richard P.},
  address   = {New York, NY, USA},
}

@Book{greenwald:2014,
  title     = {{N}o {P}lace to {H}ide: {E}dward {S}nowden, the {NSA}, and the {S}urveillance {S}tate},
  publisher = {Metropolitan Books},
  year      = {2014},
  author    = {Greenwald, Glenn},
  address   = {New York, NY, USA},
}

@Book{orwell:1949,
 author = {Orwell, George},
 title = {Nineteen Eighty-Four},
 publisher = {Secker \& Warburg},
 year = {1949},
 address = {London, United Kingdom}
 }

@Book{pausch:2008,
  title     = {The Last Lecture},
  publisher = {Hodder \& Stoughton},
  year      = {2008},
  author    = {Pausch, Randy},
  editor    = {Zaslow, Jeffrey},
  address   = {London, United Kingdom},
}

@Book{seneca,
 author = {Seneca, Lucius},
 title = {Letters from a Stoic: Epistulae Morales ad Lucilium},
 publisher = {Penguin},
 year = {1969},
 address = {Harmondsworth, United Kingdom}
 }

@Book{trump:1987,
 author = {Trump, Donald J. and Schwartz, Tony},
 title = {Trump: The Art of the Deal},
 publisher = {Random House},
 year = {1987},
 address = {New York, NY, USA}
 }

 @Book{frankl:1959,
  author = {Frankl, Viktor E.},
 title = {Man's Search for Meaning},
 publisher = {Beacon Press},
 year = {1959},
 address = {Boston, MA, USA}
  }

@Book{munger:2008,
  title     = {Poor Charlie's Almanack: The Wit and Wisdom of Charles T. Munger},
  publisher = {Donning Company},
  year      = {2008},
  author    = {Munger, Charles T.},
  editor    = {Kaufman, Peter D.},
  address   = {Virginia Beach, VA, USA},
  edition   = {3},
}
 
 @Book{postman:2005,
 author = {Postman, Neil},
 title = {Amusing Ourselves to Death: Public Discourse in the Age of Show Business (20th Anniversary Edition)},
 publisher = {Penguin Books},
 year = {2005},
 address = {New York, NY, USA}
 }

@Book{taleb:2012,
  title     = {{A}ntifragile: {T}hings {T}hat {G}ain from {D}isorder},
  publisher = {Random House},
  year      = {2012},
  author    = {Taleb, Nassim Nicholas},
  address   = {New York, NY, USA},
}

@Book{peterson:2018,
  title     = {12 Rules for Life: An Antidote to Chaos},
  publisher = {Random House Canada},
  year      = {2018},
  author    = {Peterson, Jordan B.},
  address   = {Toronto, ON, Canada},
}

@Book{harari:2014,
  title     = {Sapiens: A Brief History of Humankind},
  publisher = {Random House},
  year      = {2014},
  author    = {Harari, Yuval Noah},
  address   = {New York, NY, USA},
}

@Comment{jabref-meta: databaseType:bibtex;}
